
@ARTICLE{goldberg.cs.91,
   author = "David Goldberg",
   title = "What Every Computer Scientist Should Know About Floating-Point Arithmetic",
   pages = "5--47",
   journal = "ACM Computing Surveys",
   year = 1991,
   volume = 23,
   number = 1,
   month = mar,
 }

@INPROCEEDINGS{hovy.iwsehpc.16,
   author = "Christian Hovy and Julian Kunkel",
   title = "Towards Automatic and Flexible Unit Test Generation for Legacy HPC Code",
   booktitle = "Fourth International Workshop on Software Engineering for High Performance Computing in Computational Science and Engineering",
   address = "Salt Lake City",
   month = nov,
   year = 2016,
 }

